% Encoding: UTF-8

@Misc{ref:wiki-diff-calculus,
  author = {维基百科},
  title  = {微分学 --- 维基百科{,} 自由的百科全书},
  year   = {2019},
  url    = {\url{https://zh.wikipedia.org/w/index.php?title=%E5%BE%AE%E5%88%86%E5%AD%A6&oldid=55642616}},
}

@Book{ref:calculus-v1,
  title     = {工科数学分析基础（上册）},
  publisher = {高等教育出版社},
  year      = {2017},
  author    = {王绵森，马知恩},
  edition   = {第三版},
  isbn      = {978-7-04-048216-4},
}

@Comment{jabref-meta: databaseType:bibtex;}
